@book{hebb1949organization,
  title        = {The Organization of Behavior: {A} Neuropsychological Theory},
  author       = {Hebb, Donald O.},
  year         = 1949,
  publisher    = {Wiley},
  address      = {New York},
  added-at     = {2008-03-11T14:52:34.000+0100},
  annote       = {Portions reprinted in \npcite{anderson:neurocomputing}},
  biburl       = {https://www.bibsonomy.org/bibtex/287bf9cdd8bac54fa082aa8361731e8fb/idsia},
  citeulike-article-id = 2377064,
  interhash    = {ba8f8b92a0de2c83bdbcc9d742235a59},
  intrahash    = {87bf9cdd8bac54fa082aa8361731e8fb},
  keywords     = {nn},
  priority     = 2,
  timestamp    = {2008-03-11T15:04:00.000+0100}
}
@book{amit1989modeling,
  title        = {Modeling brain function: The world of attractor neural networks},
  author       = {Amit, Daniel J},
  year         = 1989,
  publisher    = {Cambridge university press}
}
@article{amit1987statistical,
  title        = {Statistical mechanics of neural networks near saturation},
  author       = {Amit, Daniel J and Gutfreund, Hanoch and Sompolinsky, Haim},
  year         = 1987,
  journal      = {Annals of physics},
  publisher    = {Elsevier},
  volume       = 173,
  number       = 1,
  pages        = {30--67}
}
@article{amit1985storing,
  title        = {Storing infinite numbers of patterns in a spin-glass model of neural networks},
  author       = {Amit, Daniel J and Gutfreund, Hanoch and Sompolinsky, Haim},
  year         = 1985,
  journal      = {Physical Review Letters},
  publisher    = {APS},
  volume       = 55,
  number       = 14,
  pages        = 1530
}
@article{amit1987information,
  title        = {Information storage in neural networks with low levels of activity},
  author       = {Amit, Daniel J and Gutfreund, Hanoch and Sompolinsky, Haim},
  year         = 1987,
  journal      = {Physical Review A},
  publisher    = {APS},
  volume       = 35,
  number       = 5,
  pages        = 2293
}
@article{fontanari1990storage,
  title        = {On the storage of correlated patterns in Hopfield's model},
  author       = {Fontanari, Jos{\'e} Fernando and Theumann, WK},
  year         = 1990,
  journal      = {Journal de Physique},
  publisher    = {Soci{\'e}t{\'e} fran{\c{c}}aise de physique},
  volume       = 51,
  number       = 5,
  pages        = {375--386}
}
@article{der1992modified,
  title        = {Modified pseudo-inverse neural networks storing correlated patterns},
  author       = {Der, R and Dotsenko, VS and Tirozzi, B},
  year         = 1992,
  journal      = {Journal of Physics A: Mathematical and General},
  publisher    = {IOP Publishing},
  volume       = 25,
  number       = 10,
  pages        = 2843
}
@article{lowe1998storage,
  title        = {On the storage capacity of Hopfield models with correlated patterns},
  author       = {L{\"o}we, Matthias},
  year         = 1998,
  journal      = {The Annals of Applied Probability},
  publisher    = {Institute of Mathematical Statistics},
  volume       = 8,
  number       = 4,
  pages        = {1216--1250}
}
@article{crick1983function,
  title        = {The function of dream sleep},
  author       = {Crick, Francis and Mitchison, Graeme},
  year         = 1983,
  journal      = {Nature},
  publisher    = {Springer},
  volume       = 304,
  pages        = {111--114}
}
@article{negri2023storage,
  title        = {Storage and learning phase transitions in the random-features hopfield model},
  author       = {Negri, Matteo and Lauditi, Clarissa and Perugini, Gabriele and Lucibello, Carlo and Malatesta, Enrico},
  year         = 2023,
  journal      = {Physical Review Letters},
  publisher    = {APS},
  volume       = 131,
  number       = 25,
  pages        = 257301
}
@article{goldt2020modeling,
  title        = {Modeling the influence of data structure on learning in neural networks: The hidden manifold model},
  author       = {Goldt, Sebastian and M{\'e}zard, Marc and Krzakala, Florent and Zdeborov{\'a}, Lenka},
  year         = 2020,
  journal      = {Physical Review X},
  publisher    = {APS},
  volume       = 10,
  number       = 4,
  pages        = {041044}
}
@article{gerace2022probing,
  title        = {Probing transfer learning with a model of synthetic correlated datasets},
  author       = {Gerace, Federica and Saglietti, Luca and Mannelli, Stefano Sarao and Saxe, Andrew and Zdeborov{\'a}, Lenka},
  year         = 2022,
  journal      = {Machine Learning: Science and Technology},
  publisher    = {IOP Publishing},
  volume       = 3,
  number       = 1,
  pages        = {015030}
}
@book{mackay2003information,
  title        = {Information theory, inference and learning algorithms},
  author       = {MacKay, David JC},
  year         = 2003,
  publisher    = {Cambridge university press}
}
%%%%%%%%%%%%%%%%%%%%%%%%%%%%%%%%%%%%%%%%%%%%%%%%%%%%%%%%%%%%%%%%
@article{Hopfield1982,
  title        = {Neural Networks and Physical Systems with Emergent Collective Computational Abilities},
  author       = {Hopfield, J. J.},
  year         = 1982,
  journal      = {Proc Natl Acad Sci U S A},
  volume       = 79,
  number       = 8,
  pages        = {2554--8},
  doi          = {10.1073/pnas.79.8.2554}
}
@article{parisi1986memory,
  title={A memory which forgets},
  author={Parisi, Giorgio},
  journal={Journal of Physics A: Mathematical and General},
  volume={19},
  number={10},
  pages={L617},
  year={1986},
  publisher={IOP Publishing}
}
@article{Hopfield1983,
  title        = {"Unlearning" has a stabilizing effect in collective memories},
  author       = {Hopfield, J. J. and Feinstein, D. I. and Palmer, R. G.},
  year         = 1983,
  journal      = {Nature},
  volume       = 304,
  number       = 5922,
  pages        = {158--159},
  doi          = {10.1038/304158a0},
  url          = {https://doi.org/10.1038/304158a0}
}
@article{Marinari2019,
  title        = {Forgetting Memories and Their Attractiveness},
  author       = {Marinari, Enzo},
  year         = 2019,
  journal      = {Neural Comput},
  volume       = 31,
  number       = 3,
  pages        = {503--516},
  doi          = {10.1162/neco_a_01162}
}
@article{fachechi2019dreaming,
  title        = {Dreaming neural networks: forgetting spurious memories and reinforcing pure ones},
  author       = {Fachechi, Alberto and Agliari, Elena and Barra, Adriano},
  year         = 2019,
  journal      = {Neural Networks},
  publisher    = {Elsevier},
  volume       = 112,
  pages        = {24--40}
}
@article{agliari2019dreaming,
  title        = {Dreaming neural networks: rigorous results},
  author       = {Agliari, Elena and Alemanno, Francesco and Barra, Adriano and Fachechi, Alberto},
  year         = 2019,
  journal      = {Journal of Statistical Mechanics: Theory and Experiment},
  publisher    = {IOP Publishing},
  volume       = 2019,
  number       = 8,
  pages        = {083503}
}
@article{fachechi2022outperforming,
  title        = {Outperforming RBM feature-extraction capabilities by “dreaming” mechanism},
  author       = {Fachechi, Alberto and Barra, Adriano and Agliari, Elena and Alemanno, Francesco},
  year         = 2022,
  journal      = {IEEE transactions on neural networks and learning systems},
  publisher    = {IEEE}
}
@article{alemanno2023supervised,
  title        = {Supervised hebbian learning},
  author       = {Alemanno, Francesco and Aquaro, Miriam and Kanter, Ido and Barra, Adriano and Agliari, Elena},
  year         = 2023,
  journal      = {Europhysics Letters},
  publisher    = {IOP Publishing},
  volume       = 141,
  number       = 1,
  pages        = 11001
}
@article{agliari2024hebbian,
  title        = {Hebbian dreaming for small datasets},
  author       = {Agliari, Elena and Alemanno, Francesco and Aquaro, Miriam and Barra, Adriano and Durante, Fabrizio and Kanter, Ido},
  year         = 2024,
  journal      = {Neural Networks},
  publisher    = {Elsevier},
  pages        = 106174
}
@article{aquaro2022recurrent,
  title        = {Recurrent neural networks that generalize from examples and optimize by dreaming},
  author       = {Aquaro, Miriam and Alemanno, Francesco and Kanter, Ido and Durante, Fabrizio and Agliari, Elena and Barra, Adriano},
  year         = 2022,
  journal      = {arXiv preprint arXiv:2204.07954}
}
@article{agliari2023dense,
  title        = {Dense Hebbian neural networks: a replica symmetric picture of supervised learning},
  author       = {Agliari, Elena and Albanese, Linda and Alemanno, Francesco and Alessandrelli, Andrea and Barra, Adriano and Giannotti, Fosca and Lotito, Daniele and Pedreschi, Dino},
  year         = 2023,
  journal      = {Physica A: Statistical Mechanics and its Applications},
  publisher    = {Elsevier},
  pages        = 129076
}
@article{agliari2023regularization,
  title        = {Regularization, early-stopping and dreaming: a Hopfield-like setup to address generalization and overfitting},
  author       = {Agliari, Elena and Aquaro, Miriam and Alemanno, Francesco and Fachechi, Alberto},
  year         = 2023,
  journal      = {arXiv preprint arXiv:2308.01421}
}
@article{benedetti2022supervised,
  title        = {Supervised perceptron learning vs unsupervised Hebbian unlearning: Approaching optimal memory retrieval in Hopfield-like networks},
  author       = {Benedetti, Marco and Ventura, Enrico and Marinari, Enzo and Ruocco, Giancarlo and Zamponi, Francesco},
  year         = 2022,
  journal      = {J Chem Phys},
  volume       = 156,
  pages        = 104107,
  doi          = {10.1063/5.0084219},
  issue        = 10
}
@article{benedetti2023training,
  title        = {Training neural networks with structured noise improves classification and generalization},
  author       = {Benedetti, Marco and Ventura, Enrico},
  year         = 2023,
  journal      = {arXiv preprint arXiv:2302.13417}
}
@article{benedetti2023eigenvector,
  title        = {Eigenvector Dreaming},
  author       = {Benedetti, Marco and Carillo, Louis and Marinari, Enzo and M{\`e}zard, Marc},
  year         = 2023,
  journal      = {arXiv preprint arXiv:2308.13445}
}
%%%%%%%%%%%%%%%%%%%%%%%%%%%%%%%%%%%%%%%%%%%%%%%%%%%%%%%%%%%%%%%%
@article{gardner1987multiconnected,
  title        = {Multiconnected neural network models},
  author       = {Gardner, E},
  year         = 1987,
  journal      = {Journal of Physics A: Mathematical and General},
  publisher    = {IOP Publishing},
  volume       = 20,
  number       = 11,
  pages        = 3453
}
@article{gardner1988space,
  title        = {The space of interactions in neural network models},
  author       = {Gardner, Elizabeth},
  year         = 1988,
  journal      = {Journal of physics A: Mathematical and general},
  publisher    = {IOP Publishing},
  volume       = 21,
  number       = 1,
  pages        = 257
}
@article{gardner1989training,
  title        = {Training with noise and the storage of correlated patterns in a neural network model},
  author       = {Gardner, EJ and Wallace, DJ and Stroud, N},
  year         = 1989,
  journal      = {Journal of Physics A: Mathematical and General},
  publisher    = {IOP Publishing},
  volume       = 22,
  number       = 12,
  pages        = 2019
}
%%%%%%%%%%%%%%%%%%%%%%%%%%%%%%%%%%%%%%%%%%%%%%%%%%%%%%%%%%%%%%%%
@article{personnaz1985information,
  title        = {Information storage and retrieval in spin-glass like neural networks},
  author       = {Personnaz, L and Guyon, I and Dreyfus, G},
  year         = 1985,
  journal      = {Journal de Physique Lettres},
  publisher    = {Les Editions de Physique},
  volume       = 46,
  number       = 8,
  pages        = {359--365}
}
@article{kanter1987associative,
  title        = {Associative recall of memory without errors},
  author       = {Kanter, I and Sompolinsky, Haim},
  year         = 1987,
  journal      = {Physical Review A},
  publisher    = {APS},
  volume       = 35,
  number       = 1,
  pages        = 380
}
@article{dotsenko1991replica,
  title        = {Replica symmetry breaking in neural networks with modified pseudo-inverse interactions},
  author       = {Dotsenko, VS and Tirozzi, B},
  year         = 1991,
  journal      = {Journal of Physics A: Mathematical and General},
  publisher    = {IOP Publishing},
  volume       = 24,
  number       = 21,
  pages        = 5163
}
@article{dotsenko1991statistical,
  title        = {Statistical mechanics of Hopfield-like neural networks with modified interactions},
  author       = {Dotsenko, VS and Yarunin, ND and Dorotheyev, EA},
  year         = 1991,
  journal      = {Journal of Physics A: Mathematical and General},
  publisher    = {IOP Publishing},
  volume       = 24,
  number       = 10,
  pages        = 2419
}
@article{nokura1996unlearning,
  title        = {Unlearning in the paramagnetic phase of neural network models},
  author       = {Nokura, Kazuo},
  year         = 1996,
  journal      = {Journal of Physics A: Mathematical and General},
  publisher    = {IOP Publishing},
  volume       = 29,
  number       = 14,
  pages        = 3871
}
@article{nokura1996paramagnetic,
  title        = {Paramagnetic unlearning in neural network models},
  author       = {Nokura, Kazuo},
  year         = 1996,
  journal      = {Physical Review E},
  publisher    = {APS},
  volume       = 54,
  number       = 5,
  pages        = 5571
}
%%%%%%%%%%%%%%%%%%%%%%%%%%%%%%%%%%%%%%%%%%%%%%%%%%%%%%%%%%%%%%%%
@article{krotov2016dense,
  title        = {Dense associative memory for pattern recognition},
  author       = {Krotov, Dmitry and Hopfield, John J},
  year         = 2016,
  journal      = {Advances in neural information processing systems},
  volume       = 29
}
@article{demircigil2017model,
  title        = {On a model of associative memory with huge storage capacity},
  author       = {Demircigil, Mete and Heusel, Judith and L{\"o}we, Matthias and Upgang, Sven and Vermet, Franck},
  year         = 2017,
  journal      = {Journal of Statistical Physics},
  publisher    = {Springer},
  volume       = 168,
  pages        = {288--299}
}
@article{ramsauer2020hopfield,
  title        = {Hopfield networks is all you need},
  author       = {Ramsauer, Hubert and Sch{\"a}fl, Bernhard and Lehner, Johannes and Seidl, Philipp and Widrich, Michael and Adler, Thomas and Gruber, Lukas and Holzleitner, Markus and Pavlovi{\'c}, Milena and Sandve, Geir Kjetil and others},
  year         = 2020,
  journal      = {arXiv preprint arXiv:2008.02217}
}
@article{lucibello2023exponential,
  title        = {The Exponential Capacity of Dense Associative Memories},
  author       = {Lucibello, Carlo and M{\'e}zard, Marc},
  year         = 2023,
  journal      = {arXiv preprint arXiv:2304.14964}
}
%%%%%%%%%%%%%%%%%%%%%%%%%%%%%%%%%%%%%%%%%%%%%%%%%%%%%%%%%%%%%%%%
@article{van1990increasing,
  title        = {Increasing the efficiency of a neural network through unlearning},
  author       = {Van Hemmen, JL and Ioffe, LB and K{\"u}hn, R and Vaas, M},
  year         = 1990,
  journal      = {Physica A: Statistical Mechanics and its Applications},
  publisher    = {Elsevier},
  volume       = 163,
  number       = 1,
  pages        = {386--392}
}
@inproceedings{van1992unlearning,
  title        = {Unlearning and its relevance to REM sleep: Decorrelating correlated data},
  author       = {Van Hemmen, JL and Klemmer, N},
  year         = 1992,
  booktitle    = {Neural Network Dynamics: Proceedings of the Workshop on Complex Dynamics in Neural Networks, June 17--21 1991 at IIASS, Vietri, Italy},
  pages        = {30--43},
  organization = {Springer}
}
@article{van1997hebbian,
  title        = {Hebbian learning, its correlation catastrophe, and unlearning},
  author       = {Van Hemmen, JL},
  year         = 1997,
  journal      = {Network: Computation in Neural Systems},
  publisher    = {IOP Publishing},
  volume       = 8,
  number       = 3,
  pages        = {V1}
}
@inproceedings{plakhov1992modified,
  title        = {The modified unlearning procedure for enhancing storage capacity in Hopfield network},
  author       = {Plakhov, AY and Semenov, SA},
  year         = 1992,
  booktitle    = {[Proceedings] 1992 RNNS/IEEE Symposium on Neuroinformatics and Neurocomputers},
  pages        = {242--251},
  organization = {IEEE}
}
@inproceedings{plakhov1994converging,
  title        = {The converging unlearning algorithm for the Hopfield neural network: optimal strategy},
  author       = {Plakhov, A Yu},
  year         = 1994,
  booktitle    = {Proceedings of the 12th IAPR International Conference on Pattern Recognition, Vol. 3-Conference C: Signal Processing (Cat. No. 94CH3440-5)},
  volume       = 2,
  pages        = {104--106},
  organization = {IEEE}
}
@inproceedings{plakhov1995convergent,
  title        = {Convergent unlearning algorithm for the Hopfield neural network},
  author       = {Plakhov, A Yu and Semenov, Serguei A and Shuvalova, Irina B},
  year         = 1995,
  booktitle    = {Proceedings 1995 Second New Zealand International Two-Stream Conference on Artificial Neural Networks and Expert Systems},
  pages        = {30--33},
  organization = {IEEE}
}
%%%%%%%%%%%%%%%%%%%%%%%%%%%%%%%%%%%%%%%%%%%%%%%%
@article{braunstein2011inference,
  title        = {Inference and learning in sparse systems with multiple states},
  author       = {Braunstein, Alfredo and Ramezanpour, Abolfazl and Zecchina, Riccardo and Zhang, Pan},
  year         = 2011,
  journal      = {Physical Review E},
  publisher    = {APS},
  volume       = 83,
  number       = 5,
  pages        = {056114}
}
@inproceedings{kojima1995capacity,
  title        = {Capacity of the associative memory using the Boltzmann machine learning},
  author       = {Kojima, Tetsuya and Nonaka, Hidetoshi and Da-Te, Tsutomu},
  year         = 1995,
  booktitle    = {Proceedings of ICNN'95-International Conference on Neural Networks},
  volume       = 5,
  pages        = {2572--2577},
  organization = {IEEE}
}
@inproceedings{baldassi2018inverse,
  title        = {From inverse problems to learning: a statistical mechanics approach},
  author       = {Baldassi, Carlo and Gerace, Federica and Saglietti, Luca and Zecchina, Riccardo},
  year         = 2018,
  booktitle    = {Journal of Physics: Conference Series},
  volume       = 955,
  number       = 1,
  pages        = {012001},
  organization = {IOP Publishing}
}
@article{saglietti2018statistical,
  title        = {From statistical inference to a differential learning rule for stochastic neural networks},
  author       = {Saglietti, Luca and Gerace, Federica and Ingrosso, Alessandro and Baldassi, Carlo and Zecchina, Riccardo},
  year         = 2018,
  journal      = {Interface Focus},
  publisher    = {The Royal Society},
  volume       = 8,
  number       = 6,
  pages        = 20180033
}
@article{poppel1987dynamical,
  title        = {Dynamical learning process for recognition of correlated patterns in symmetric spin glass models},
  author       = {P{\"o}ppel, G and Krey, U},
  year         = 1987,
  journal      = {Europhysics Letters},
  publisher    = {IOP Publishing},
  volume       = 4,
  number       = 9,
  pages        = 979
}
%%%%%%%%%%%%%%%%%%%%%%%%%%%%%%%%%%%%%%%%%%%%%%%%
@article{decelle2021equilibrium,
  title        = {Equilibrium and non-equilibrium regimes in the learning of restricted Boltzmann machines},
  author       = {Decelle, Aur{\'e}lien and Furtlehner, Cyril and Seoane, Beatriz},
  year         = 2021,
  journal      = {Advances in Neural Information Processing Systems},
  volume       = 34,
  pages        = {5345--5359}
}
@inproceedings{agoritsas2023explaining,
  title={Explaining the effects of non-convergent MCMC in the training of Energy-Based Models},
  author={Agoritsas, Elisabeth and Catania, Giovanni and Decelle, Aur{\'e}lien and Seoane, Beatriz},
  booktitle={International Conference on Machine Learning},
  pages={322--336},
  year={2023},
  organization={PMLR}
}
@inproceedings{hinton2005contrastive,
  title        = {On Contrastive Divergence Learning},
  author       = {Carreira-Perpi{\~n}\'an, Miguel \'A. and Hinton, Geoffrey},
  year         = 2005,
  month        = {06--08 Jan},
  booktitle    = {Proceedings of the Tenth International Workshop on Artificial Intelligence and Statistics},
  publisher    = {PMLR},
  series       = {Proceedings of Machine Learning Research},
  volume       = {R5},
  pages        = {33--40},
  url          = {https://proceedings.mlr.press/r5/carreira-perpinan05a.html},
  note         = {Reissued by PMLR on 30 March 2021.},
  editor       = {Cowell, Robert G. and Ghahramani, Zoubin},
  pdf          = {http://proceedings.mlr.press/r5/carreira-perpinan05a/carreira-perpinan05a.pdf}
}
@article{lecun2015deep,
  title        = {Deep learning},
  author       = {LeCun, Yann and Bengio, Yoshua and Hinton, Geoffrey},
  year         = 2015,
  journal      = {nature},
  publisher    = {Nature Publishing Group UK London},
  volume       = 521,
  number       = 7553,
  pages        = {436--444}
}
@article{decelle2021restricted,
  title        = {Restricted Boltzmann machine: Recent advances and mean-field theory},
  author       = {Decelle, Aur{\'e}lien and Furtlehner, Cyril},
  year         = 2021,
  journal      = {Chinese Physics B},
  publisher    = {IOP Publishing},
  volume       = 30,
  number       = 4,
  pages        = {040202}
}
@article{nouri2023eigen,
  title        = {Eigen value based loss function for training attractors in iterated autoencoders},
  author       = {Nouri, Ali and Seyyedsalehi, Seyyed Ali},
  year         = 2023,
  journal      = {Neural Networks},
  publisher    = {Elsevier}
}
@inproceedings{belyaev2020classification,
  title        = {Classification of handwritten digits using the Hopfield network},
  author       = {Belyaev, MA and Velichko, AA},
  year         = 2020,
  booktitle    = {IOP conference series: materials science and engineering},
  volume       = 862,
  number       = 5,
  pages        = {052048},
  organization = {IOP Publishing}
}
@article{szavits2014constraint,
  title        = {Constraint-driven condensation in large fluctuations of linear statistics},
  author       = {Szavits-Nossan, Juraj and Evans, Martin R and Majumdar, Satya N},
  year         = 2014,
  journal      = {Physical review letters},
  publisher    = {APS},
  volume       = 112,
  number       = 2,
  pages        = {020602}
}
%%%%%%%%%%%
%% RANDOM FEATURES
@article{rahimi2007random,
  title        = {Random features for large-scale kernel machines},
  author       = {Rahimi, Ali and Recht, Benjamin},
  year         = 2007,
  journal      = {Advances in neural information processing systems},
  volume       = 20
}
@article{louart2018random,
  title        = {A random matrix approach to neural networks},
  author       = {Louart, Cosme and Liao, Zhenyu and Couillet, Romain},
  year         = 2018,
  journal      = {The Annals of Applied Probability},
  publisher    = {JSTOR},
  volume       = 28,
  number       = 2,
  pages        = {1190--1248}
}
@article{mei2022generalization,
  title        = {The generalization error of random features regression: Precise asymptotics and the double descent curve},
  author       = {Mei, Song and Montanari, Andrea},
  year         = 2022,
  journal      = {Communications on Pure and Applied Mathematics},
  publisher    = {Wiley Online Library},
  volume       = 75,
  number       = 4,
  pages        = {667--766}
}
@article{baldassi2022learning,
  title        = {Learning through atypical phase transitions in overparameterized neural networks},
  author       = {Baldassi, Carlo and Lauditi, Clarissa and Malatesta, Enrico M and Pacelli, Rosalba and Perugini, Gabriele and Zecchina, Riccardo},
  year         = 2022,
  journal      = {Physical Review E},
  publisher    = {APS},
  volume       = 106,
  number       = 1,
  pages        = {014116}
}
%%%%%%%% DATASETS
@article{lecun1998gradient,
  title        = {Gradient-based learning applied to document recognition},
  author       = {LeCun, Yann and Bottou, L{\'e}on and Bengio, Yoshua and Haffner, Patrick},
  year         = 1998,
  journal      = {Proceedings of the IEEE},
  publisher    = {Ieee},
  volume       = 86,
  number       = 11,
  pages        = {2278--2324}
}
